@Book{mcconnell:01,
author = {Jeffrey J. McConnell},
title = {Analysis of Algorithms: An Active Learning Approach},
publisher = {Jones and Bartlett Publishers},
year = {2001},
isbn = {0-7637-1634-0},
address = {Subury}
}

@Book{cormen:01,
author = {Thomas H. Cormen},
title = {Algoritmos: teoria e prática},
publisher = {Elsevier},
year = {2002},
edition = {2},
isbn = {85-352-0926-3},
address = {Rio de Janeiro}
}

@misc{geeks:01,
author = {Chitra Nayal},
title = "Bubble Sort -- {GeeksforGeeks}{,} A computer science portal for geeks",
year = {2017},
url = {https://www.geeksforgeeks.org/bubble-sort/}
}

@misc{geeks:02,
author = {Palak Jain},
title = "Quick Sort -- {GeeksforGeeks}{,} A computre science portal for geeks",
year = {2016},
url = {https://www.geeksforgeeks.org/quick-sort/}
}

@Book{deitel:01,
author = {Paul Deitel and Harvey Deitel},
title = {C++ How to Program},
publisher = {Pearson},
year = {2013},
edition = {9},
isbn = {0-13-337871-3},
address = {New Jersey}
}

@misc{rosetta:01,
author = {Rosetta Code contríbudores},
title = {Sorting algorithms/Heapsort},
year = {2018},
url = {https://rosettacode.org/wiki/Sorting_algorithms/Heapsort}
}

@misc{foleiss:01,
author = {Juliano Henrique Foleiss},
title = {Análise de Algortimos -- Aula 10},
year = {2017},
note = {Material de aula}
}